@MISC{NASA,
        KEY = {NASA, 2017},
        TITLE = {NASA Examines Ex-Tropical Cyclone Dineo's Rainfall},
        HOWPUBLISHED = {NASA, n.d., \url{https://www.nasa.gov/feature/goddard/2017/dineo-southern-indian-ocean}},
        year = {2017},
        YEAR = {Accessed April 2020}
}

@MISC{n.d.,
        KEY = {ucar, n.d.},
        TITLE = {mpas\textunderscore atmosphere\textunderscore users\textunderscore guide\textunderscore 6.0},
        HOWPUBLISHED = {Www2.mmm.ucar.edu, n.d., \url{https://www2.mmm.ucar.edu/projects/mpas/mpas\textunderscore atmosphere\textunderscore users\textunderscore guide\textunderscore 6.0.pdf}},
        YEAR = {Accessed April 2020}
}

@MISC{2018,
  Key = {2018 - South-West Indian Ocean Tropical Cyclones, n.d.},
  TITLE = {2018 - South-West Indian Ocean Tropical Cyclones},
  HOWPUBLISHED = {EUROPEAN COMMISSION JOINT RESEARCH CENTRE, \url{https://www.gdacs.org/Public/download.aspx?type=DC&id=161
}},
  EDITOR = {Gdacs.org},
  YEAR = {Accessed April 2020}
}

@article{moses,
  title={Assessing forecasting models on prediction of the tropical cyclone Dineo and the associated rainfall over Botswana},
  author={Moses, Oliver and Ramotonto, Samuel},
  journal={Weather and climate extremes},
  volume={21},
  pages={102-109},
  year={2018},
  publisher={Elsevier}
}

@MISC{Science,
  Key = {Sciences, E. (n.d.)},
  TITLE = {NASA catches formation of Tropical Cyclone Dineo},
  HOWPUBLISHED = {Phys.org, \url{https://phys.org/news/2017-02-nasa-formation-tropical-cyclone-dineo.html}},
  EDITOR = {Phys.org},
  YEAR = {Accessed April 2020}
}

@misc{skama,
	author={Skamarock, et al},
	title={A Description of the Advanced Research WRF Version 3 },
	note={NCAR TECHNICAL NOTE},
	address={Mesoscale and Microscale Meteorology Division, National Center for Atmospheric Research, Boulder, Colorado, USA},
	year={2008}
}

@MISC{MPAS,
        KEY = {MPAS. (2020)},
        TITLE = {Model\textunderscore for\textunderscore Predicition\textunderscore Across\textunderscore Scales},
        HOWPUBLISHED = {Mpas-dev.github.io, \url{https://mpas-dev.github.io/}},
        YEAR = {Accessed April 2020}
}

@article{federico,
	title={Implementation of the WSM5 and WSM6 single moment microphysics scheme into the RAMS model: verification for the HyMeX-SOP1},
	author={Federico, Stefano},
	journal={Advances in Meteorology},
	volume={2016},
	year={2016},
	publisher={Hindawi}
}

@article{su2018investigating,
	title={Investigating the role of dust in ice nucleation within clouds and further effects on the regional weather system over East Asia--Part 1: model development and validation},
	author={Su, Lin and Fung, Jimmy CH},
	journal={Atmospheric Chemistry and Physics},
	volume={18},
	number={12},
	pages={8707--8725},
	year={2018},
	publisher={Copernicus GmbH}
}

@article{article,
	author = {Hong, Song-You},
	year = {2006},
	month = {06},
	pages = {129-151},
	title = {Hongandlim-JKMS-2006},
	volume = {42},
	journal = {Journal of the Korean Meteorological Society}
}

@article{harris2014global,
	title={Global-to-regional nested grid climate simulations in the GFDL high resolution atmospheric model},
	author={Harris, Lucas M and Lin, Shian-Jiann},
	journal={Journal of climate},
	volume={27},
	number={13},
	pages={4890--4910},
	year={2014}
}

@article{hashimoto2016tropical,
	title={Tropical cyclone activity in nested regional and global grid-refined simulations},
	author={Hashimoto, Atsushi and Done, James M and Fowler, Laura D and Bruy{\`e}re, Cindy L},
	journal={Climate Dynamics},
	volume={47},
	number={1-2},
	pages={497--508},
	year={2016},
	publisher={Springer}
}

@article{mavume2009climatology,
	title={Climatology and landfall of tropical cyclones in the south-west Indian Ocean},
	author={Mavume, Alberto F and Rydberg, Lars and Rouault, Mathieu and Lutjeharms, Johann RE},
	journal={Western Indian Ocean Journal of Marine Science},
	volume={8},
	number={1},
	year={2009},
	publisher={Western Indian Ocean Marine Science Association}
}

@article{fitchett201466,
	title={A 66-year tropical cyclone record for south-east Africa: temporal trends in a global context},
	author={Fitchett, Jennifer M and Grab, Stefan W},
	journal={International Journal of Climatology},
	volume={34},
	number={13},
	pages={3604--3615},
	year={2014},
	publisher={Wiley Online Library}
}

@MISC{ Mozambique,
  Key = {Mozambique. (n.d.)},
  TITLE = {Tropical Cyclone Dineo hits Mozambique },
  HOWPUBLISHED = {ReliefWeb, \url{ https://reliefweb.int/report/mozambique/tropical-cyclone-dineo-hits-mozambique
}},
  EDITOR = {ReliefWeb},
  YEAR = {Accessed April 2020}
}

@MISC{ncar.ucar.edu.,
  Key = {ncar.ucar.edu. (n.d.).},
  TITLE = {Model\textunderscore for\textunderscore Predicition\textunderscore Across\textunderscore Scales},
  HOWPUBLISHED = { wikipedia, \url{ https://en.m.wikipedia.org/wiki/Model\textunderscore for\textunderscore Predicition\textunderscore Across\textunderscore Scales}},
  EDITOR = { wikipedia},
  YEAR = {Accessed April 2020}
}

@article{doocy2013human,
	title={The human impact of earthquakes: a historical review of events 1980-2009 and systematic literature review},
	author={Doocy, Shannon and Daniels, Amy and Packer, Catherine and Dick, Anna and Kirsch, Thomas D},
	journal={PLoS currents},
	volume={5},
	year={2013},
	publisher={Public Library of Science}
}

@MISC{Cyclone,
  Key = {Cyclone Dineo. (2020, 3 15)},
  TITLE = {Cyclone\textunderscore Dineo},
  HOWPUBLISHED = { En.wikipedia.org, \url{ https://en.wikipedia.org/wiki/Cyclone\textunderscore Dineo}},
  EDITOR = { En.wikipedia.org},
  YEAR = {Accessed April 2020}
}

@MISC{Tropic,
  Key = {Tropical cyclones in the South West Indian Ocean},
  TITLE = {Tropical cyclones in the South West Indian Ocean},
  HOWPUBLISHED = {ReliefWeb, \url{https://reliefweb.int/report/world/tropical-cyclones-south-west-indian-ocean-new-insights}},
  EDITOR = {ReliefWeb},
  YEAR = {Accessed April 2020}
}

@MISC{TROPICAL,
  Key = {TROPICAL CYCLONES},
  TITLE = {Technical Hazard Sheet - Natural Disaster Profiles.},
  HOWPUBLISHED = {World Health Organization, \url{https://www.who.int/hac/techguidance/ems/tropical\textunderscore cyclones/en/}},
  EDITOR = {World Health Organization},
  YEAR = {Accessed April 2020}
}

@MISC{Ency,
  Key = {Joseph A. Zehnder},
  TITLE = {Tropical cyclone},
  HOWPUBLISHED = {Encyclopædia Britannica, \url{https://www.britannica.com/science/tropical-cyclone}},
  EDITOR = {Encyclopædia Britannica, inc.},
  YEAR = {Accessed April 2020}
}

@MISC{EENS3050,
  Key = {Natural Disasters},
  TITLE = {Tropical Cyclones},
  HOWPUBLISHED = {Tulane University, \url{https://www.tulane.edu/~sanelson/Natural\textunderscore Disasters/tropical\textunderscore cyclones.htm}},
  EDITOR = {Prof. Stephen A. Nelson},
  YEAR = {Accessed April 2020}
}

@article{roy2012tropical,
	title={Tropical cyclone track forecasting techniques-A review},
	author={Roy, Chandan and Kovord{\'a}nyi, Rita},
	journal={Atmospheric research},
	volume={104},
	pages={40--69},
	year={2012},
	publisher={Elsevier}
}

@MISC{Hurricane,
  Key = {tropmet},
  TITLE = {Tropical cyclone},
  HOWPUBLISHED = {Linter, \url{http://people.envsci.rutgers.edu/lintner/tropmet/Lecture17.pdf}},
  EDITOR = {tropmet},
  YEAR = {Accessed April 2020}
}

@MISC{ThoughtCo,
  Key = {ThoughtCo},
  TITLE = {The Anatomy of a Hurricane},
  HOWPUBLISHED = {ThoughtCo, \url{https://www.thoughtco.com/anatomy-of-a-hurricane-3443962}},
  EDITOR = {ThoughtCo},
  YEAR = {Accessed April 2020}
}

@MISC{JetStream,
  Key = {JetStream},
  TITLE = {Tropical Cyclone Introduction},
  HOWPUBLISHED = {National Weather Service, \url{https://www.weather.gov/jetstream/tc}},
  EDITOR = {National Weather Service},
  YEAR = {Accessed April 2020}
}

@MISC{NOAA,
  Key = {NOAA Research},
  TITLE = {WRF NAMELIST.INPUT FILE DESCRIPTION},
  HOWPUBLISHED = {National Oceanic \& Atmospheric Administration , \url{https://esrl.noaa.gov/gsd/wrfportal/namelist\textunderscore input\textunderscore options.html}},
  EDITOR = {Earth Systems Research Laboratory},
  YEAR = {Accessed April 2020}

@MISC{ATMOS,
  Key = {Atmospheric physics},
  TITLE = {MPAS-Atmosphere Model User’s Guide},
  HOWPUBLISHED = {www2.mmm.ucar.edu , \url{https://www2.mmm.ucar.edu/projects/mpas/mpas\textunderscore atmosphere\textunderscore users\textunderscore guide\textunderscore 7.0.pdf}},
  EDITOR = {www2.mmm.ucar.edu},
  YEAR = {Accessed April 2020}
}

@misc{ds094.0
 author = "Suranjana {Saha} and Shrinivas {Moorthi} and Xingren {Wu} and Jiande {Wang} and Sudhir {Nadiga} and Patrick {Tripp} and David {Behringer} and Yu-Tai {Hou} and Hui-ya {Chuang} and Mark {Iredell} and Michael {Ek} and Jesse {Meng} and Rongqian {Yang} and Malaquias Pena {Mendez} and Huug {van den Dool} and Qin {Zhang} and Wanqiu {Wang} and Mingyue {Chen} and Emily {Becker}",
 title = "NCEP Climate Forecast System Version 2 (CFSv2) 6-hourly Products",
 publisher  = "Research Data Archive at the National Center for Atmospheric Research, Computational and Information Systems Laboratory",
 address = {Boulder CO},
 year  = "2011",
 url = "https://doi.org/10.5065/D61C1TXF"
}

@article{artic,
author = {Rutledge, Steven and Hobbs, Peter},
year = {1984},
month = {10},
pages = {2949-2972},
title = {The Mesoscale and Microscale Structure and Organization of Clouds and Precipitation in Midlatitude Cyclones. XII: A Diagnostic Modeling Study of Precipitation Development in Narrow Cold-Frontal Rainbands},
volume = {41},
journal = {Journal of The Atmospheric Sciences - J ATMOS SCI},
doi = {10.1175/1520-0469(1984)041<2949:TMAMSA>2.0.CO;2}
}

@article{wsm6,
author = {Hong, Song-You and Kim, Ju-Hye and Lim, Jeong-ock and Dudhia, Jimy},
year = {2006},
month = {03},
pages = {129-151},
title = {The WRF single moment microphysics scheme (WSM)},
volume = {42},
journal = {Journal of the Korean Meteorological Society}
}

@article{TCdect,
	author = {Kleppek, Sabine and Muccione, Veruska and Raible, Christoph and Bresch, David and Köllner-Heck, Pamela and Stocker, Thomas and Muccione, C and Raible, D and Bresch, P and Koellner-Heck, T and Stocker,},
	year = {2008},
	month = {01},
	pages = {},
	title = {Tropical cyclones in ERA-40: A detection and tracking method},
	volume = {35},
	journal = {Geophys. Res. Lett}
}

@article {p16707,
	title = {Simulating the characteristics of tropical cyclones over the South West Indian Ocean using a stretched-grid global climate model},
	year = {2016},
	url = {https://www.ecmwf.int/node/16707},
	author = {Babatunde Abiodun}
}